%
%  An example of a bibliographical database for bibTeX
%
%  Recommended software for maintenance of *.bib files:
%    JabRef, http://jabref.sourceforge.net/
%
%  BEWARE:
%
%    *  If a name contains a capital letter, which must be kept such,
%       use curly brackets ({T}hailand, {HIV}).
%
%  ===========================================================================

@ONLINE{ApekEcommerceStudy2023,
  editor = {\text{Czech Association for Electronic Commerce}},
  title = {E-commerce Study 2023 - Hlavní textová část},
  url = {https://www.apek.cz/archiv-dokumentu?filters_document%5Bcategories%5D%5B0%5D=1},
  urldate = {2024-03-24},
}
